@book{flask,
  title = "Разработка веб-приложений с использованием Flaskна языке Python",
  author = "Мигель Гринберг",
  publisher = "ДМК Пресс",
  year = "2014"
}

@misc{its,
	title = {{Сайт кампании ITS}},
	howpublished = {{\url{https://itsociety.su/}}},
	note = {{Последняя дата обращения: 30.06.2021}}
}

@misc{openresty,
	title = {{Openresty official site}},
	howpublished = {{\url{https://openresty.org/en/}}},
	note = {{Последняя дата обращения: 30.06.2021}}
}

@misc{openresty_habr,
	title = {{OpenResty: превращаем NGINX в полноценный сервер приложений}},
	howpublished = {{\url{https://habr.com/ru/post/321864/}}},
	note = {{Последняя дата обращения: 30.06.2021}}
}

@misc{cvtr_api_docs,
    title = {{Документация к api}},
    howpublished = {{\url{https://mycareerboost.ai/api/v1/swagger}}},
    note = {{Последняя дата обращенияЖ 30.06.2021}}
}
